2798 4440
131 183 280 378 5324,
301 269 374 385 sed
404 254 564 354 alternis
587 267 769 388 'Alpheon
801 273 980 386 utrinque
1003 269 1174 385 sordebat,
1205 308 1216 331 ⁷

136 396 278 479 Metiri
312 391 434 509 ripis,
465 390 514 473 (Τ
540 400 616 504 qua
646 389 831 525 datiffima
861 389 1007 504 disdant
1056 460 1059 465 .
1106 456 1110 461 -
1176 460 1196 465 .-

137 520 225 595 Non
257 543 420 624 unquam
451 513 569 623 merso
600 513 861 622 transmittere
879 511 1055 628 flumina
1099 513 1224 623 diseo.

136 638 241 745 Ergo
272 656 418 749 operum
436 629 598 749 fidens,
630 662 702 712 non
728 628 903 746 protinus
933 629 1095 716 horrida
1111 634 1224 748 campi

122 755 163 861 J
165 781 277 865 ugera
308 809 320 853 ,
340 750 416 862 sed
444 742 572 835 calam
602 749 738 836 dextra
767 749 928 836 metitur
960 811 974 853 ,
1007 750 1194 867 humique

134 866 287 983 Pressas
320 860 478 981 ueroque
506 901 605 984 genu
625 926 639 972 ‚
663 871 809 971 colledio
827 865 1024 984 sanguine
1054 871 1209 984 discum<

132 992 221 1101 Ipse
243 983 361 1103 super
381 989 470 1100 sese
500 1014 633 1090 rotat,
663 1014 777 1100 atque
808 989 850 1081 in
880 984 1016 1074 nubila
1057 989 1220 1075 condio.

132 1102 209 1190 Ille
237 1109 335 1191 citus
353 1104 524 1220 sublime
549 1109 651 1224 petit
670 1165 683 1211 ‚
704 1103 923 1220 fimilisque
951 1108 1115 1223 cadenti

133 1225 287 1336 Crescit
319 1228 361 1308 in
391 1224 617 1340 adversum,
643 1227 871 1339 tandemque
879 1224 1083 1340 exhaustus
1098 1227 1144 1313 ab
1153 1229 1218 1336 alto

134 1343 305 1428 Tardior
336 1345 377 1426 in
396 1371 537 1457 terram
555 1346 679 1447 redit,
709 1373 824 1462 atque
836 1346 1085 1463 immergitur
1096 1347 1218 1431 arvis.

132 1465 198 1547 Sic
226 1463 362 1564 cadit,
393 1467 570 1549 attonitis
600 1467 744 1576 quoties
774 1458 963 1561 avellitur
996 1468 1115 1577 asinii
1223 1480 1226 1494 '

130 1582 230 1666 Solis
262 1606 371 1699 opaca
389 1587 529 1696 soror,
559 1579 688 1700 procul
716 1584 947 1668 auxiliantia
972 1613 1117 1699 gentes
1254 1612 1256 1667 1

131 1707 235 1791 AEra
245 1724 414 1815 crepant,
420 1699 643 1817 frustraque
651 1704 790 1788 timent
794 1728 853 1811 ,·ot
871 1699 1068 1818 Tbeffala
1084 1704 1215 1790 viiirir
1254 1724 1256 1777 :

130 1819 256 1906 Ridet
288 1817 507 1906 anhelantes
538 1823 666 1905 audito
697 1825 863 1918 carmine
892 1823 1024 1936 bigas.
1088 1833 1092 1839 ’

128 1937 373 2023 Conlaudant
402 1941 552 2042 Danai,
573 1938 647 2050 sed
676 1950 748 2022 n'on
778 1939 855 2023 tibi
885 1935 997 2025 molle
1029 1945 1163 2026 tuenti

130 2056 411 2170 Hippomedon,
441 2060 633 2173 majorque
663 2089 793 2142 manus
811 2054 994 2174 speratur
1027 2064 1073 2145 in
1104 2072 1215 2176 aq‘uo.

131 2184 267 2288 Atque
297 2169 362 2257 illi
392 2177 575 2294 extemplo
605 2175 666 2262 eui
685 2179 774 2294 spes
803 2171 1018 2295 infringere
1051 2177 1160 2266 dulce

131 2295 379 2398 Immodicas,
410 2301 586 2381 Fortuna
615 2301 756 2399 venit,
788 2296 898 2411 quid„
916 2299 1082 2382 numina
1099 2326 1215 2407 eontra

133 2411 309 2498 Tendere
314 2409 383 2525 fas
399 2412 542 2498 bomini
551 2427 574 2496 Ρ
593 2417 768 2531 spatium
772 2421 854 2517 jam
864 2415 1034 2505 immane
1039 2421 1214 2534 parabat,

125 2537 160 2644 J
160 2563 220 2612 am
250 2532 383 2616 cervix
413 2533 614 2645 conversa,
645 2534 694 2617 Θ
705 2536 787 2636 jam
802 2529 902 2616 latus
923 2568 1038 2619 omne
1052 2541 1214 2623 redibat:

132 2650 296 2742 Excidit
326 2653 553 2767 antepedes
581 2652 914 2769 elapsum-pondus
943 2713 957 2757 ‚
987 2654 1043 2738 θ’
1074 2661 1167 2742 item
1232 2754 1235 2758 Δ

132 2769 305 2878 Destruit
325 2827 337 2871 ,
353 2768 577 2886 frustraque
609 2801 758 2852 manum
789 2771 935 2886 dimisit
966 2774 1126 2862 inanem
1156 2839 1166 2860 .
1195 2858 1199 2865 ,

133 2895 353 3005 Ingemuere
384 2922 505 2976 omnes
536 2951 549 2997 ‚
579 2892 750 3002 rarisque
779 2919 823 2972 ea
854 2891 943 3003 viset
973 2892 1191 3012 voluptas.

132 3007 226 3092 lude
256 3007 306 3092 ad
335 3037 485 3095 conatus
515 3010 653 3093 timida
672 3004 783 3120 subit
813 3036 895 3097 arte
926 3017 1171 3130 Menestheus

133 3126 323 3230 Gaurion,
355 3130 403 3212 Θ*
430 3130 589 3214 multnm
621 3153 693 3233 te,
722 3130 836 3230 Majet
865 3154 955 3215 nate
987 3191 1001 3233 ,
1036 3164 1168 3251 rogato

132 3240 252 3331 Molis
275 3246 521 3387 pregravide
553 3248 710 3363 carsiignt
727 3245 895 3364 puluere
924 3245 1059 3368 lapsus
1090 3317 1133 3342 ..
